@online{P3DPORTAL,
  altauthor = {Petr Štourač},
  title     = {P3D Portal},
  date      = {2021},
  url       = {https://www.p3dportal.cz/}
}

@online{ARTLIST,
  altauthor = {Artlist.io},
  title     = {Artlist.io},
  date      = {2021},
  url       = {https://artlist.io/}
}

@online{CUNI,
  title = {Výukové metody},
  url   = {https://www.natur.cuni.cz/chemie/educhem/teply1/vyuka-1/Didaktika-anorganicke-chemie/soubory/metody%20a%20formy.pdf}
}

@mastersthesis{KRSKA,
  author  = {Martin Krška},
  title   = {Zásady tvorby výukového videa v oblasti středního vzdělávání},
  type    = {Bakalářská práce},
  school  = {Masarykova univerzita, Fakulta pedagogická - Katedra fyziky, chemie a odborného vzdělávání},
  date    = {2013},
  address = {Brno},
  pages   = {89},
  url     = {https://is.muni.cz/th/vznno/BP_Martin_Krska.pdf}
}

@book{LZORM,
  author    = {Lucie Zormanová},
  title     = {Výukové metody v pedagogice: tradiční a inovativní metody, transmisivní a konstruktivistické pojetí výuky, klasifikace výukových metod},
  date      = {2012},
  publisher = {Grada Publishing},
  location  = {Praha},
  isbn      = {978-80-247-4100-0}
}

@online{LZORMRVP,
  author = {Lucie Zormanová},
  title  = {Výukové metody tradičního vyučování},
  date   = {1.2.2012},
  url    = {https://clanky.rvp.cz/clanek/c/S/15015/VYUKOVE-METODY-TRADICNIHO-VYUCOVANI.html/},
  year   = {2012}
}

@book{PAGAC,
  author    = {Marek Pagáč},
  title     = {Učebnice SolidWorks},
  date      = {2017},
  publisher = {Nakladatelství Nová Média, s.r.o},
  location  = {Brno},
  isbn      = {978-80-270-0918-3}
}

@phdthesis{SIR,
  author = {Šír, Miloslav},
  year   = {2015},
  month  = {02},
  pages  = {},
  title  = {Nové trendy ve výuce technických předmětů: závěrečná práce. New trends in technical education: Final thesis.}
}

@online{SOLIDWORKS,
  altauthor = {Dassault Systémes},
  title     = {SolidWorks},
  date      = {2021},
  url       = {https://www.solidworks.com/}
}

@book{SVEC,
  author    = {Josef Maňák, Vlastimil Švec},
  title     = {Výukové metody},
  date      = {2003},
  publisher = {Vydavatelství Paido},
  location  = {Brno},
  isbn      = {80-731-5039-5}
}